% Progressive GAN
@article{karras2017progressive,
  title={Progressive growing of gans for improved quality, stability, and variation},
  author={Karras, Tero and Aila, Timo and Laine, Samuli and Lehtinen, Jaakko},
  journal={arXiv preprint arXiv:1710.10196},
  year={2017}
}

% StyleGAN
@inproceedings{karras2019style,
  title={A style-based generator architecture for generative adversarial networks},
  author={Karras, Tero and Laine, Samuli and Aila, Timo},
  booktitle={Proceedings of the IEEE/CVF conference on computer vision and pattern recognition},
  pages={4401--4410},
  year={2019}
}
% StyleGAN2
@inproceedings{Karras2019stylegan2,
  title     = {Analyzing and Improving the Image Quality of {StyleGAN}},
  author    = {Tero Karras and Samuli Laine and Miika Aittala and Janne Hellsten and Jaakko Lehtinen and Timo Aila},
  booktitle = {Proc. CVPR},
  year      = {2020}
}
% AdaIN STYLE TRANSFER
@inproceedings{huang2017adain,
  title={Arbitrary style transfer in real-time with adaptive instance normalization},
  author={Huang, Xun and Belongie, Serge},
  booktitle={Proceedings of the IEEE international conference on computer vision},
  pages={1501--1510},
  year={2017}
}
% StyleGAN2 PYTORCH
@inproceedings{Karras2020ada,
  title     = {Training Generative Adversarial Networks with Limited Data},
  author    = {Tero Karras and Miika Aittala and Janne Hellsten and Samuli Laine and Jaakko Lehtinen and Timo Aila},
  booktitle = {Proc. NeurIPS},
  year      = {2020}
}
% ChildGAN
@article{cui2021heredity,
  title={Heredity-aware Child Face Image Generation with Latent Space Disentanglement},
  author={Cui, Xiao and Zhou, Wengang and Hu, Yang and Wang, Weilun and Li, Houqiang},
  journal={arXiv preprint arXiv:2108.11080},
  year={2021}
}
% DNA-NET
@inproceedings{Gao2021WhatWY,
  title={What Will Your Child Look Like? DNA-Net: Age and Gender Aware Kin Face Synthesizer},
  author={Peng Gao and Siyu Xia and J. Paul Robinson and Junkang Zhang and Chao Xia and Ming Shao and Yun Raymond Fu},
  booktitle={ICME},
  year={2021}
}
% KinshipGAN
@article{zkan2018KinshipganSO,
  title={Kinshipgan: Synthesizing of Kinship Faces from Family Photos by Regularizing a Deep Face Network},
  author={Savas {\"O}zkan and Akin Ozkan},
  journal={2018 25th IEEE International Conference on Image Processing (ICIP)},
  year={2018},
  pages={2142-2146}
}
% GAN
@article{goodfellow2014generative,
  title={Generative adversarial nets},
  author={Goodfellow, Ian and Pouget-Abadie, Jean and Mirza, Mehdi and Xu, Bing and Warde-Farley, David and Ozair, Sherjil and Courville, Aaron and Bengio, Yoshua},
  journal={Advances in neural information processing systems},
  volume={27},
  year={2014}
}

% FIW
@online{fiw,
title = {{Families In the Wild (FIW) Dataset}},
key = {FIW},
url = {https://web.northeastern.edu/smilelab/fiw/index.html},
urldate = {2022-03-21}
}

% Image2StyleGAN
@article{Image2StyleGAN2019,
   title={Image2StyleGAN: How to Embed Images Into the StyleGAN Latent Space?},
   url={http://dx.doi.org/10.1109/ICCV.2019.00453},
   DOI={10.1109/iccv.2019.00453},
   journal={2019 IEEE/CVF International Conference on Computer Vision (ICCV)},
   publisher={IEEE},
   author={Abdal, Rameen and Qin, Yipeng and Wonka, Peter},
   year={2019},
   month={Oct} 
}
% Style generator inversion
@misc{gabbay2019style,
      title={Style Generator Inversion for Image Enhancement and Animation}, 
      author={Aviv Gabbay and Yedid Hoshen},
      year={2019},
      eprint={1906.11880},
      archivePrefix={arXiv},
      primaryClass={cs.CV}
}
% GENETICS
@INPROCEEDINGS{6909623,
  author={Dehghan, Afshin and Ortiz, Enrique G. and Villegas, Ruben and Shah, Mubarak},
  booktitle={2014 IEEE Conference on Computer Vision and Pattern Recognition}, 
  title={Who Do I Look Like? Determining Parent-Offspring Resemblance via Gated Autoencoders}, 
  year={2014},
  volume={},
  number={},
  pages={1757-1764},
  doi={10.1109/CVPR.2014.227}}
  

@article{He2016DeepRL,
  title={Deep Residual Learning for Image Recognition},
  author={Kaiming He and X. Zhang and Shaoqing Ren and Jian Sun},
  journal={2016 IEEE Conference on Computer Vision and Pattern Recognition (CVPR)},
  year={2016},
  pages={770-778}
}

@article{Xia2021GANIA,
  title={GAN Inversion: A Survey},
  author={Weihao Xia and Yulun Zhang and Yujiu Yang and Jing-Hao Xue and Bolei Zhou and Ming-Hsuan Yang},
  journal={ArXiv},
  year={2021},
  volume={abs/2101.05278}
}


% KINSHIP VERIFICATION
% KINNET
@article{KINNET,
  title={KinNet: Fine-to-Coarse Deep Metric Learning for Kinship Verification},
  author={Yong Li and Jiabei Zeng and Jie Zhang and Anbo Dai and Meina Kan and S. Shan and Xilin Chen},
  journal={Proceedings of the 2017 Workshop on Recognizing Families In the Wild},
  year={2017}
}
% Kinship CNN
@inproceedings{KinshipCNN,
	title={Kinship Verification with Deep Convolutional Neural Networks},
	author={Kaihao Zhang and Yongzhen Huang and Chunfeng Song and Hong Wu and Liang Wang},
	year={2015},
	month={September},
	pages={148.1-148.12},
	articleno={148},
	numpages={12},
	booktitle={Proceedings of the British Machine Vision Conference (BMVC)},
	publisher={BMVA Press},
	editor={Xianghua Xie, Mark W. Jones, and Gary K. L. Tam},
	doi={10.5244/C.29.148},
	isbn={1-901725-53-7},
	url={https://dx.doi.org/10.5244/C.29.148}
}
% KINSHIP RECOGNITION AND VERIFICATION ON FIW
@article{FIWverification,
author = {Robinson, Joseph and Shao, Ming and Wu, Yue and Liu, Hongfu and Gillis, Timothy and Fu, Yun},
year = {2018},
month = {04},
pages = {1-1},
title = {Visual Kinship Recognition of Families in the Wild},
volume = {PP},
journal = {IEEE Transactions on Pattern Analysis and Machine Intelligence},
doi = {10.1109/TPAMI.2018.2826549}
}

% FACE RECOGNITION
@inproceedings{imagenet,
 author = {Krizhevsky, Alex and Sutskever, Ilya and Hinton, Geoffrey E},
 booktitle = {Advances in Neural Information Processing Systems},
 editor = {F. Pereira and C.J. Burges and L. Bottou and K.Q. Weinberger},
 pages = {},
 publisher = {Curran Associates, Inc.},
 title = {ImageNet Classification with Deep Convolutional Neural Networks},
 url = {https://proceedings.neurips.cc/paper/2012/file/c399862d3b9d6b76c8436e924a68c45b-Paper.pdf},
 volume = {25},
 year = {2012}
}
% FACENET
@inproceedings{facenet,
  title={Facenet: A unified embedding for face recognition and clustering},
  author={Schroff, Florian and Kalenichenko, Dmitry and Philbin, James},
  booktitle={Proceedings of the IEEE conference on computer vision and pattern recognition},
  pages={815--823},
  year={2015}
}
% ARCFACE
@INPROCEEDINGS{arcface,
  author={Deng, Jiankang and Guo, Jia and Xue, Niannan and Zafeiriou, Stefanos},
  booktitle={2019 IEEE/CVF Conference on Computer Vision and Pattern Recognition (CVPR)}, 
  title={ArcFace: Additive Angular Margin Loss for Deep Face Recognition}, 
  year={2019},
  volume={},
  number={},
  pages={4685-4694},
  doi={10.1109/CVPR.2019.00482}}

%vggface
@InProceedings{vggface,
  author       = "Omkar M. Parkhi and Andrea Vedaldi and Andrew Zisserman",
  title        = "Deep Face Recognition",
  booktitle    = "British Machine Vision Conference",
  year         = "2015",
}

% RESNET
@misc{resnet,
      title={Deep Residual Learning for Image Recognition}, 
      author={Kaiming He and Xiangyu Zhang and Shaoqing Ren and Jian Sun},
      year={2015},
      eprint={1512.03385},
      archivePrefix={arXiv},
      primaryClass={cs.CV}
}

% TSNE
@article{van2008visualizing,
  title={Visualizing data using t-SNE.},
  author={Van der Maaten, Laurens and Hinton, Geoffrey},
  journal={Journal of machine learning research},
  volume={9},
  number={11},
  year={2008}
}
% LINEARNA REGRESIJA KNJIGA
@book{montgomery2021introduction,
  title={Introduction to linear regression analysis},
  author={Montgomery, Douglas C and Peck, Elizabeth A and Vining, G Geoffrey},
  year={2021},
  publisher={John Wiley \& Sons}
}

% LINEARNA REGRESIJA
@article{maulud2020review,
  title={A review on linear regression comprehensive in machine learning},
  author={Maulud, Dastan and Abdulazeez, Adnan M},
  journal={Journal of Applied Science and Technology Trends},
  volume={1},
  number={4},
  pages={140--147},
  year={2020}
}
% CONDA https://docs.conda.io/en/latest/
@misc{conda,   
    title = {Conda},   
    url = {https://docs.conda.io/en/latest/},   
    author = {Anaconda, Inc.},   
    year = {2017},   
    note = {12.04.2023} 
}
% GITHUB
@misc{github,   
    title = {GitHub},   
    url = {https://github.com/},   
    author = {GitHub, Inc.},   
    year = {2023},   
    note = {12.04.2023} 
}

% NVlabs/stylegan2-ada-pythorch
@misc{stylegan2adapytorch,   
    title = {NVlabs/stylegan2-ada-pythorch},   
    url = {https://github.com/dvschultz/stylegan2-ada-pytorch},   
    author = {NVlabs},   
    year = {2023},   
    note = {12.04.2023} 
}

% genforce/interfacegan
@misc{interfacegan,   
    title = {InterfaceGAN},   
    url = {https://github.com/genforce/interfacegan},   
    author = {genforce},   
    year = {2023},   
    note = {12.04.2023} 
}


@phdthesis{ŠUKLJE_2022, title={Napovedovanje obrazov otrok z GAN metodo}, url={https://repozitorij.uni-lj.si/IzpisGradiva.php?lang=slv&id=143466}, abstractNote={Diplomska naloga z naslovom ”Napovedovanje slik otrok obrazov z GAN metodo”ˇze na prvi pogled vzbudi motivacijo, ker je potencialni rezultat zanimiv.  GAN metoda je tudi dokaj nova stvar, kar vse skupaj naredi ˇse bolj zanimivo,  saj ni veliko raziskav, v katerih je uporabljena. Na problem lahko pogledamo  tudi s strani ”kupca”, torej nekoga, ki bi rad videl sliko svojega potencialnega  otroka. Po mojem mnenju stvar, ki bi na trgu doˇzivela porast, ˇse posebej  v bogatejˇsem sloju prebivalstva. Ceprav je raziskav na to temo malo, bodo ˇ  vseeno pomagala pri izdelavi naloge. Morda toliko bolj, ker bo moˇzno bolj  podrobno predelati podroˇcje. Programerski del bo napisan v programskem  jeziku python. Na koncu bomo analizirali rezultate in naredili primerjavo z  dejanskimi slikami obrazov otrok in ocenili uspeh. Poiskali bomo tudi toˇcke,  ki bi se jih dalo izboljˇsati, da bi bil izdelek ˇse boljˇsi in uporabnejˇsi.}, school={Univerza v Ljubljani}, author={ŠUKLJE, NEJC}, year={2022}}
